<?xml version="1.0" encoding="UTF-8"?><record xmlns="http://www.loc.gov/MARC21/slim" xmlns:cinclude="http://apache.org/cocoon/include/1.0" xmlns:zs="http://www.loc.gov/zing/srw/">
  <leader>00523cz  a2200157n  4500</leader>
  <controlfield tag="001">n  92121548 </controlfield>
  <controlfield tag="003">DLC</controlfield>
  <controlfield tag="005">19950406110129.5</controlfield>
  <controlfield tag="008">921223n| acannaab|          |a aaa |||  </controlfield>
  <datafield tag="010" ind1=" " ind2=" ">
    <subfield code="a">n  92121548 </subfield>
  </datafield>
  <datafield tag="040" ind1=" " ind2=" ">
    <subfield code="a">DLC</subfield>
    <subfield code="c">DLC</subfield>
    <subfield code="d">DLC</subfield>
  </datafield>
  <datafield tag="100" ind1="1" ind2="0">
    <subfield code="a">Veken, Jan van der</subfield>
  </datafield>
  <datafield tag="400" ind1="1" ind2="0">
    <subfield code="a">Van der Veken, Jan</subfield>
  </datafield>
  <datafield tag="400" ind1="1" ind2="0">
    <subfield code="a">Veken, J. van der</subfield>
    <subfield code="q">(Jan)</subfield>
  </datafield>
  <datafield tag="670" ind1=" " ind2=" ">
    <subfield code="a">Merleau-Ponty in contemporary perspective, 1993:</subfield>
    <subfield code="b">CIP t.p. (Jan Van der Veken)</subfield>
  </datafield>
  <datafield tag="670" ind1=" " ind2=" ">
    <subfield code="a">Naar leeuweriken grijpen, 1994:</subfield>
    <subfield code="b">t.p. (J. van der Veken) p. 244 (Jan van der Veken, b. 1932)</subfield>
  </datafield>
</record>